@techreport{cmu:raidhighperf,
  author      = {Peter Chen and Edward Lee and Garth Gibson and Randy Katz and David Patterson},
  institution = {Carniege Mellon University},
  title       = {RAID: High-Performance, Reliable Secondary Storage},
  year        = {n.d}
}